@inproceedings{KHF,
author="Bellare, Mihir
and Canetti, Ran
and Krawczyk, Hugo",
editor="Koblitz, Neal",
title="Keying Hash Functions for Message Authentication",
booktitle="Advances in Cryptology --- CRYPTO '96",
year="1996",
publisher="Springer Berlin Heidelberg",
address="Berlin, Heidelberg",
pages="1--15",
isbn="978-3-540-68697-2"
}

@inproceedings{CRY-MD5,
author="Wang, Xiaoyun
and Yu, Hongbo
and Wang, Wei
and Zhang, Haina
and Zhan, Tao",
editor="Joux, Antoine",
title="Cryptanalysis on HMAC/NMAC-MD5 and MD5-MAC",
booktitle="Advances in Cryptology - EUROCRYPT 2009",
year="2009",
publisher="Springer Berlin Heidelberg",
address="Berlin, Heidelberg",
pages="121--133",
isbn="978-3-642-01001-9"
}

@article{NPC,
author="Bellare, Mihir",
title="New Proofs for NMAC and HMAC: Security without Collision Resistance",
journal="Journal of Cryptology",
year="2015",
month="Oct",
day="01",
volume="28",
number="4",
pages="844--878",
issn="1432-1378",
doi="10.1007/s00145-014-9185-x",
url="https://doi.org/10.1007/s00145-014-9185-x"
}

@inbook{SPR-res,
author="Preneel, B.",
editor="van Tilborg, Henk C. A.",
title="Second preimage resistance",
bookTitle="Encyclopedia of Cryptography and Security",
year="2005",
publisher="Springer US",
address="Boston, MA",
pages="543--544",
isbn="978-0-387-23483-0",
doi="10.1007/0-387-23483-7_372",
url="https://doi.org/10.1007/0-387-23483-7_372"
}

@article{BAV,
author ="Gorka Ramirez",
title = "MD5: The broken algorithm",
journal= "Avira Blog",
year = "2015",
month = "July",
day = "28",
url = "https://blog.avira.com/md5-the-broken-algorithm/"
}